@book{einstein1954ideas,
  title={Ideas and opinions},
  author={Einstein, Albert and Seelig, Carl and Bargmann, Sonja and Unna, Issachar and Wolff, Barbara},
  year={1954},
  publisher={Wings Books New York}
}

@article{einstein1935can,
  title={Can quantum-mechanical description of physical reality be considered complete?},
  author={Einstein, Albert and Podolsky, Boris and Rosen, Nathan},
  journal={Physical review},
  volume={47},
  number={10},
  pages={777},
  year={1935},
  publisher={APS}
}

@book{HAC,
  added-at = {2007-04-16T14:16:26.000+0200},
  author = {A. Menezes, P. van Oorschot, and S. Vanstone},
  publisher = {CRC Press},
  title = {Handbook of Applied Cryptography},
  url = {http://www.cacr.math.uwaterloo.ca/hac/},
  year = {1996}
}

 @misc{ frwiki:Primalité,
   author = "Wikipédia",
   title = "Test de primalité --- Wikipédia{,} l'encyclopédie libre",
   year = "2021",
   url = "http://fr.wikipedia.org/w/index.php?title=Test_de_primalit%C3%A9&oldid=180495843",
   note = "[En ligne; Page disponible le 3-mars-2021]"
 }
 
 @misc{ frwiki:Sophie_Germain,
   author = "Wikipédia",
   title = "Sophie Germain --- Wikipédia{,} l'encyclopédie libre",
   year = "2021",
   url = "https://fr.wikipedia.org/wiki/Sophie_Germain",
   note = "[En ligne; Page disponible le 3-mars-2021]"
 } 
 
 @article{ Preuve_Miller-Rabin,
  title={Quelques tests de primalité},
  author={Emmanuel HALLOUIN},
  year= "2010",
  url = {https://www.math.univ-toulouse.fr/~hallouin/Documents/Primalite.pdf},
}